<record xmlns="http://www.loc.gov/MARC21/slim" xmlns:xsi="http://www.w3.org/2001/XMLSchema-instance" xsi:schemaLocation="http://www.loc.gov/MARC21/slim http://www.loc.gov/standards/marcxml/schema/MARC21slim.xsd"><leader>01037cz   2200217n  4500</leader><controlfield tag="001">oca01748043 </controlfield><controlfield tag="005">20021203103559.0</controlfield><controlfield tag="008">840611n| acannaab           |a aaa      </controlfield><datafield ind1=" " ind2=" " tag="010"><subfield code="a">n  84080834 </subfield></datafield><datafield ind1=" " ind2=" " tag="040"><subfield code="a">DLC</subfield><subfield code="c">DLC</subfield><subfield code="d">DLC</subfield></datafield><datafield ind1="0" ind2=" " tag="100"><subfield code="a">Eunapius,</subfield><subfield code="d">ca. 345-ca. 420</subfield></datafield><datafield ind1="0" ind2=" " tag="400"><subfield code="a">Eunape,</subfield><subfield code="c">de Sardes,</subfield><subfield code="d">ca. 345-ca. 420</subfield></datafield><datafield ind1="0" ind2=" " tag="400"><subfield code="a">Eunapio,</subfield><subfield code="c">di Sardi,</subfield><subfield code="d">ca. 345-ca. 420</subfield></datafield><datafield ind1="0" ind2=" " tag="400"><subfield code="a">Eunapius,</subfield><subfield code="c">Sardianus,</subfield><subfield code="d">ca. 345-ca. 420</subfield></datafield><datafield ind1="0" ind2=" " tag="400"><subfield code="a">Eunapios,</subfield><subfield code="d">ca. 345-ca. 420</subfield></datafield><datafield ind1="0" ind2=" " tag="400"><subfield code="a">Eunapius</subfield><subfield code="w">nnaa</subfield></datafield><datafield ind1=" " ind2=" " tag="670"><subfield code="a">Blockley, R. C. The fragmentary classicising historians of the later Roman Empire, c1981-1983:</subfield><subfield code="b">t.p., v. 1 (Eunapius)</subfield></datafield><datafield ind1=" " ind2=" " tag="670"><subfield code="a">Goulet, R. Etudes sur les vies de philosophes de l'antiquiteÌ&#x81; tardive, 2001:</subfield><subfield code="b">p. 424 (Eunape de Sardes)</subfield></datafield><datafield ind1=" " ind2=" " tag="670"><subfield code="a">Baldini, A. Ricerche sulla Storia di Eunapio di Sardi, 1984.</subfield></datafield><datafield ind1=" " ind2=" " tag="670"><subfield code="a">Philostratus, the Athenian. Philostratorum et Callistrati opera, 1849:</subfield><subfield code="b">t.p. (Eunapii ... ) p. 449 (Eunapii Sardiani ... ) p. 453 (Eunapiou ... [in Greek alphabet])</subfield></datafield><datafield ind1=" " ind2=" " tag="670"><subfield code="a">LC manual auth. cd.</subfield><subfield code="b">(hdg.: Eunapius)</subfield></datafield></record>